@article{bakker2010social,
  title={A social network model of investment behaviour in the stock market},
  author={Bakker, Laurens and Hare, Warren and Khosravi, Hassan and Ramadanovic, Bojan},
  journal={Physica A: Statistical Mechanics and its Applications},
  volume={389},
  number={6},
  pages={1223--1229},
  year={2010},
  publisher={Elsevier}
}

@article{abolafia1988enacting,
  title={Enacting market crisis: The social construction of a speculative bubble},
  author={Abolafia, Mitchel Y and Kilduff, Martin},
  journal={Administrative Science Quarterly},
  pages={177--193},
  year={1988},
  publisher={JSTOR}
}

@article{earl2007decision,
  title={Decision-rule cascades and the dynamics of speculative bubbles},
  author={Earl, Peter E and Peng, Ti-Ching and Potts, Jason},
  journal={Journal of Economic Psychology},
  volume={28},
  number={3},
  pages={351--364},
  year={2007},
  publisher={Elsevier}
}
@article{harras2011grow,
  title={How to grow a bubble: A model of myopic adapting agents},
  author={Harras, Georges and Sornette, Didier},
  journal={Journal of Economic Behavior \& Organization},
  volume={80},
  number={1},
  pages={137--152},
  year={2011},
  publisher={Elsevier}
}
@article{dufwenberg2005bubbles,
  title={Bubbles and experience: An experiment},
  author={Dufwenberg, Martin and Lindqvist, Tobias and Moore, Evan},
  journal={American Economic Review},
  pages={1731--1737},
  year={2005},
  publisher={JSTOR}
}
@book{garber2001famous,
  title={Famous first bubbles: The fundamentals of early manias},
  author={Garber, Peter M},
  year={2001},
  publisher={mit Press}
}
@book{barron2007speculative,
  title={Speculative bubbles and the dot-com era},
  author={Barron, Martin},
  year={2007},
  publisher={Stony Brook Sociology PhD Thesis}
}

@inproceedings{cosma2008,
  title={Social Media as Windows on the Social Life of the Mind.},
  author={Shalizi, Cosma Rohilla},
  booktitle={AAAI Spring Symposium: Social Information Processing},
  pages={87--92},
  year={2008}
}
